% !Mode:: "TeX:UTF-8"
% UTF-8 编辑器

% TeX/Chinese

@BOOK{Xiedy:1997,
	AUTHOR= {薛定宇},
	TITLE=  {\LaTeX 科学文件处理软件入门(修订版)},
	YEAR=   {1997},
	MONTH=  {5},
}

@BOOK{Deng_PC:2001,
	AUTHOR= {邓建松 and 彭冉冉 and 陈长松},
	TITLE=  {\LaTeX 2e 科技排版指南},
	YEAR=   {2001},
	MONTH=  {9},
}

@BOOK{Shangdy:2001,
	AUTHOR= {桑大勇 and 王瑛},
	TITLE=  {科技文献排版系统：\LaTeX 入门与提高},
	YEAR=   {2001},
	MONTH=  {5},
}




% TeX/English

@ARTICLE{Shell:2002,
	AUTHOR 		= {Michael Shell},
	TITLE  		= {How to Use the {IEEEtran \LaTeX} Class},
	JOURNAL 	= {Journal of {\LaTeX} Class Files},
	VOLUME 		= {1},
	NUMBER 		= {11},
	MONTH 		= {November},
	YEAR 		= {2002},
}

@MANUAL{Dalu:1998,
	author 		= {Patrick W. Daly},
	title  		= {Graphics and Colour with \LaTeX},
	organization= {},
	year		= {1998},
	address		= {http://tex.loria.fr/graph-pack/grf/grf.htm},
	edition		= {},
	month		= {4},
}

@ARTICLE{Shell:2002,
	AUTHOR 		= {Michael Shell},
	TITLE 		= {How to Use the {IEEEtran \LaTeX } Class},
	JOURNAL 		= {Journal of {\LaTeX} Class Files},
	VOLUME 		= {1},
	NUMBER 		= {11},
	MONTH 		= {November},
	YEAR 			= {2002},
}

@BOOK{Bezos:2002,
	AUTHOR 		= {J. Bezos},
	FULLAUTHOR 	= {Javier Bezos},
	TITLE 		= {The titlesec and titletoc Packages},
	MONTH 		= {March},
	YEAR 			= {2002},
}


% Others
@CONFERENCE{Altman:1997,
	author		= {Altman, Eitan and Basar, Tamer},
	title		= {Multi-user rate-based flow control: Distributed game-theoretic algorithms},
	booktitle	= {Proceedings of the IEEE Conference on Decision and Control},
	year		= {1997},
	month		= {},
	volume		= {3},
	address		= {},
	pages		= {2916-2921},
}


@ARTICLE{Bayes:1963,
  AUTHOR 		= {R. T. Bayes},
  FULLAUTHOR 	= {Reverend Thomas Bayes},
  TITLE 		= {Essay Towards Solving a Problem in the Doctrine of Chances},
  JOURNAL 		= {Philosophical Transactions of the Royal Society},
  YEAR 			= {1763},
}


@Article{guanqtang:2018a,
	author =  {管强 and 汤银才},
	title =   {基于线性退化轨道的区间型建模分析及应用},
	journal = {应用概率统计},
	year =    {2018},
	volume =  {34},
	number =  {4},
	pages =   {427--440}，
}


