%% LaTeX2e file `reference/references.bib'
%% generated by the `filecontents' environment
%% from source `biber-test-type' on 2020/04/16.
%%
 @book{knuth1986texbook,
  title={The texbook},
  author={Knuth, D.E. and Bibby, D.},
  volume={1993},
  year={1986},
  publisher={Addison-Wesley}
 }
 @article{knuth1977fast,
  title={Fast pattern matching in strings},
  author={Knuth, D.E. and Morris Jr, J.H. and Pratt, V.R.},
  journal={SIAM journal on computing},
  volume={6},
  number={2},
  pages={323--350},
  year={1977},
  publisher={SIAM}
 }
 @inproceedings{knuth1970simple,
  title={Simple word problems in universal algebras},
  author={Knuth, D.E. and Bendix, P.B.},
  booktitle={Computational problems in abstract algebra},
  volume={263},
  pages={297},
  year={1970}
 }
