% !Mode:: "TeX:UTF-8"
% UTF-8 编辑器

% TeX
@BOOK{Wuwei:2013,
	author	= {胡伟},
	title	= {{\LaTeX} 2e 完全学习手册(第二版)},
	publisher = {清华大学出版社},
	address = {北京},
	year	= {2013},
	month	= {1},
}

@BOOK{Kottwiz:2015,
	author	= {Stefan Kottwitz},
	title	= {{\LaTeX} Cookbook},
	publisher = {PACKT},
	address = {Birmingham},
	year	= {2015},
	MONTH	= {11},
}


@Article{Shell:2002, 
	author 		=  {Michael Shell},
	title 		=  {How to Use the {IEEEtran \LaTeX} Class},
	journal 	=  {Journal of {\LaTeX} Class Files},
	year 		=  {2002},
	month 		=  {11},
	volume 		=  {1},
	number 		=  {11},
	pages 		=  {398--409},
}


@Manual{Dalu:1998,
	author 		= {Patrick W. Daly},
	title  		= {Graphics and Colour with {\LaTeX}},
	organization= {},
	address		= {http://tex.loria.fr/graph-pack/grf/grf.htm},
	edition		= {},
	year		= {1998},
	month		= {4},
}



% Others
@Article{zhouxu:2019, 
	author 		=  {Zhou, S. and Xu, A.},
	fullauthor	=  {Sirong Zhou and Yincai Tang},
	title 		=  {Exponential dispersion process for degradation analysis},
	journal 	=  {IEEE Transaction on Reliability},
	year 		=  {2019},
	volume 		=  {68},
	number 		=  {2},
	pages 		=  {398--409}
}

@Article{guanqtang:2018,
	author 		=  {管强 and 汤银才},
	title 		=  {基于线性退化轨道的区间型建模分析及应用},
	journal 	=  {应用概率统计},
	year 		=  {2018},
	volume 		=  {34},
	number 		=  {4},
	pages 		=  {427--440},
}

@Article{江向东1999-4-4,
	Title                    = {互联网环境下的信息处理与图书管理系统解决方案},
	Author                   = {江向东},
	Date                     = {1999},
	Journaltitle             = {情报学报},
	Number                   = {2},
	Pages                    = {4},
	Volume                   = {18},
	Url                      = {http://www.chinainfo.gov.cn/periodical/qbxb/qbxb99/qbxb990203},
	Urldate                  = {2000-01-18}
}

@Book{tang:2008,
	author 		= {汤银才},
	title 		= {R语言与统计分析},
	publisher 	= {高等教育出版社},
	year 		= {2008},
	month		= {11},
	address 	= {北京}
}



@PhdThesis{刘乃安2000-17-18,
	author  = {刘乃安},
	title   = {生物质材料热解失重动力学及其分析方法研究},
	year    = {2000},
	pages   = {17--18},
	address = {安徽},
	school  = {中国科学技术大学},
}

@PhdThesis{Deverell2013-21-22a,
	author  = {Deverell, William and Igler, David},
	title   = {A Companion to {California} History},
	year    = {2013},
	date    = {2013-11-15},
	pages   = {21--22},
	address = {New York},
	school  = {John Wiley \& Sons},
}


@Mastersthesis{张志祥1998--,
	Title                    = {间断动力系统的随机扰动及其在守恒律方程中的应用},
	Author                   = {张志祥},
	Date                     = {1998},
	Institution              = {北京大学数学学院},
	Location                 = {北京}
}

@MastersThesis{CALMS1965--,
	Title                    = {Infrared spectroscopic studies on solid oxygen},
	Author                   = {R B CALMS},
	Date                     = {1965},
	Institution              = {Univ. of California},
	Location                 = {Berkeley}
}

@inbook{李约瑟1991--,
	author     = {李约瑟},
	title      = {题词},
	bookauthor = {苏克福 and 管成学 and 邓明鲁},
	booktitle  = {苏颂与《本草图经》研究},
	year       = {1991},
	publisher  = {长春出版社},
	address    = {长春},
	pages      = {扉页}
}

@Incollection{韩吉人1985-90-99,
	Title       = {论职工教育的特点},
	Author      = {韩吉人},
	Booktitle   = {职工教育研究论文集},
	Bookauthor  = {中国职工教育研究会},
	Date        = {1985},
	Publisher   = {人民教育出版社},
	Pages       = {90-99},
	Location    = {北京}
}

@InProceedings{focus,
	author 		= {Michael Spenke and Christian Beilken and Thomas Berlage},
	title 		= {{FOCUS}: the interactive table for product comparison and selection},
	booktitle 	= {Proceedings of UIST 1996},
	month 		= {11},
	year 		= {1996},
	publisher 	= {ACM Press},
	editor 		= {David Kurlander and Marc Brown and Ramana Rao},
	pages 		= {41-50},
}

% Own papers

@Article{liu&liu:2018a, 
	author 		=  {Yang Liu and Yukun liu and Pengfei Li and Jing Qin},
	title 		=  {Full likelihood inference for abundance from continous time capture-recapture data},
	journal 	=  {Journal of the Royal Statistics Society: Series B},
	year 		=  {2018},
	volume 		=  {80},
	number 		=  {},
	pages 		=  {995--1014},
	keywords	=  {pub}
}

@Article{liu&liu:2018b, 
	author 		=  {Yang Liu and Yukun liu and Yan Fan and Hang Han},
	title 		=  {Likelihood ratio confidence interval for the abundance under binomial detectability models},
	journal 	=  {Metrika},
	year 		=  {2018},
	volume 		=  {81},
	number 		=  {},
	pages 		=  {549--568},
	keywords	=  {pub}
}


@unpublished{liu&liu:2020, 
	keywords	=  {own},
	author 		=  {Yang Liu and Yukun liu and Lin Zhu},
	title 		=  {Maximum likelihood abundance estimation from capture-recapture data when covariates are missing at random},
	journal 	=  {Mitrics},
	year 		=  {2020},
	volume 		=  {},
	number 		=  {},
	pages 		=  {},
	keywords	=  {working}
}	

@unpublished{smith:inpress-a,
	keywords	=  {working},
	author  = {John Smith}, 
	title   = {Title of the paper},
	year    = {2020},
	journal = {Journal of Nothingness},
	url		= {http://xxx.xxx.cn},
	urldate  = {2020-01-18}
	}

@unpublished{smith:inpress-b,
	keywords	=  {working},
	author  = {John Smith}, 
	title   = {Title of the paper},
	year    = {2020},
	journal = {Review of Random Thoughts}
}
	
